@article{cohen_power_1992,
	title = {A power primer},
	volume = {112},
	issn = {0033-2909},
	doi = {10.1037/0033-2909.112.1.155},
	number = {1},
	journal = {Psychological Bulletin},
	author = {Cohen, Jacob},
	month = jul,
	year = {1992},
	keywords = {1992, Effect Size (Statistical), Statistical Analysis, Statistical Power, statistical power analysis \& effect size indexes \& conventional values for statistical tests},
	pages = {155--159}
}
