@Manual{R-base,
  title = {R: A Language and Environment for Statistical Computing},
  author = {{R Core Team}},
  organization = {R Foundation for Statistical Computing},
  address = {Vienna, Austria},
  year = {2017},
  url = {https://www.R-project.org/},
}
@Manual{R-dplyr,
  title = {dplyr: A Grammar of Data Manipulation},
  author = {Hadley Wickham and Romain Francois},
  year = {2016},
  note = {R package version 0.5.0},
  url = {https://CRAN.R-project.org/package=dplyr},
}
@Manual{R-EDAWR,
  title = {EDAWR: Expert Data Analysis with R},
  author = {'Garrett Grolemund'},
  note = {R package version 0.1},
  url = {http://github.com/rstudio/EDAWR},
  year = {2017},
}
@Manual{R-ggplot2,
  title = {ggplot2: Create Elegant Data Visualisations Using the Grammar of Graphics},
  author = {Hadley Wickham and Winston Chang},
  year = {2016},
  note = {R package version 2.2.1},
  url = {https://CRAN.R-project.org/package=ggplot2},
}
@Manual{R-tidyr,
  title = {tidyr: Easily Tidy Data with 'spread()' and 'gather()' Functions},
  author = {Hadley Wickham},
  year = {2017},
  note = {R package version 0.6.1},
  url = {https://CRAN.R-project.org/package=tidyr},
}
@Article{tidy-data,
  author = {Hadley Wickham},
  issue = {10},
  journal = {The Journal of Statistical Software},
  selected = {TRUE},
  title = {Tidy data},
  url = {http://www.jstatsoft.org/v59/i10/},
  volume = {59},
  year = {2014},
  bdsk-url-1 = {http://www.jstatsoft.org/v59/i10/},
}
@Manual{R-magrittr,
    title = {magrittr: A Forward-Pipe Operator for R},
    author = {Stefan Milton Bache and Hadley Wickham},
    year = {2014},
    note = {R package version 1.5},
    url = {https://CRAN.R-project.org/package=magrittr},
  }